@online{codeforce,
	title        = {[Tutorial] k shortest paths and Eppstein's algorithm},
	author       = {meooow},
	url          = {https://codeforces.com/blog/entry/102085},
	addendum     = {acessado em 20 de março de 2024},
	keywords     = {eppstein,dynamic programming}
}

@online{codeforce2,
	title        = {[Tutorial] k shortest paths and Eppstein's algorithm},
	author       = {meooow},
	url          = {https://codeforces.com/blog/entry/102085},
	addendum     = {acessado em 20 de março de 2024},
	keywords     = {eppstein,dynamic programming}
}
